@book{Schuld2021,
  doi = {10.1007/978-3-030-83098-4},
  url = {https://doi.org/10.1007/978-3-030-83098-4},
  year = {2021},
  publisher = {Springer International Publishing},
  author = {Maria Schuld and Francesco Petruccione},
  title = {Machine Learning with Quantum Computers}
}

@book{McMahon2007,
  doi = {10.1002/9780470181386},
  url = {https://doi.org/10.1002/9780470181386},
  year = {2007},
  month = nov,
  publisher = {John Wiley {\&} Sons,  Inc.},
  author = {David McMahon},
  title = {Quantum Computing Explained}
}

@misc{nielsen2002quantum,
  title={Quantum computation and quantum information},
  author={Nielsen, Michael A and Chuang, Isaac},
  year={2002},
  publisher={American Association of Physics Teachers}
}

@book{gawron2016rewolucja,
  title={Rewolucja stanu--fantastyczne wprowadzenie do informatyki kwantowej},
  author={Gawron, Piotr and Cholewa, Micha{\l} and Kara, Katarzyna},
  year={2016},
  publisher={Instytut Informatyki Teoretycznej i Stosowanej Polskiej Akademii Nauk}
}
